@Misc{notes4,
  author = {Weinberg, D},
  title = {},
  howpublished = {Webpage},
  month = {April},
  year = {2013},
  note = {\url{http://www.astronomy.ohio-state.edu/~dhw/A5682/notes4.pdf}},
}
